<record><leader>00000cas a22000007a 4500</leader><controlfield tag="001">9872571</controlfield><controlfield tag="008">830902c19uu9999iauwr ne      0   a0eng d</controlfield><datafield ind1=" " ind2=" " tag="010"><subfield code="a">sn 83008778 </subfield></datafield><datafield ind1=" " ind2=" " tag="040"><subfield code="a">NSD</subfield><subfield code="b">eng</subfield><subfield code="c">NSD</subfield><subfield code="d">INP</subfield><subfield code="d">OCLCQ</subfield></datafield><datafield ind1=" " ind2=" " tag="012"><subfield code="m">1</subfield></datafield><datafield ind1="1" ind2=" " tag="022"><subfield code="a">0746-2220</subfield><subfield code="l">0746-2220</subfield><subfield code="2">1</subfield></datafield><datafield ind1=" " ind2=" " tag="032"><subfield code="a">702150</subfield><subfield code="b">USPS</subfield></datafield><datafield ind1=" " ind2=" " tag="037"><subfield code="b">Morrison Printing Co., 301 5th St., Sergeant Bluff, IA 51054</subfield></datafield><datafield ind1=" " ind2=" " tag="042"><subfield code="a">nsdp</subfield></datafield><datafield ind1=" " ind2="4" tag="222"><subfield code="a">The Sergeant Bluff advocate</subfield></datafield><datafield ind1="0" ind2="4" tag="245"><subfield code="a">The Sergeant Bluff advocate.</subfield></datafield><datafield ind1=" " ind2=" " tag="260"><subfield code="a">Sergeant Bluff, IA :</subfield><subfield code="b">Morrison Print. Co.</subfield></datafield><datafield ind1=" " ind2=" " tag="300"><subfield code="a">v. :</subfield><subfield code="b">ill.</subfield></datafield><datafield ind1=" " ind2=" " tag="310"><subfield code="a">Weekly</subfield></datafield><datafield ind1=" " ind2=" " tag="588"><subfield code="a">Description based on: Vol. 5, no. 26 (Thursday Aug. 18, 1983); title from caption.</subfield></datafield><datafield ind1=" " ind2=" " tag="752"><subfield code="a">United States</subfield><subfield code="b">Iowa</subfield><subfield code="c">Woodbury</subfield><subfield code="d">Sergeant Bluff.</subfield></datafield><datafield ind1=" " ind2=" " tag="936"><subfield code="a">Aug. 18, 1983</subfield></datafield><datafield ind1="1" ind2=" " tag="029"><subfield code="a">AU@</subfield><subfield code="b">000025811996</subfield></datafield></record>